<record><leader>00000cas a2200000 a 4500</leader><controlfield tag="001">10383633</controlfield><controlfield tag="008">840207d18631918njudn ne      0   a0eng c</controlfield><datafield ind1=" " ind2=" " tag="010"><subfield code="a">sn 84026300 </subfield></datafield><datafield ind1=" " ind2=" " tag="040"><subfield code="a">NPU</subfield><subfield code="b">eng</subfield><subfield code="c">NPU</subfield><subfield code="d">DLC</subfield><subfield code="d">NPX</subfield><subfield code="d">NPA</subfield><subfield code="d">NJW</subfield><subfield code="d">MGN</subfield><subfield code="d">DLC</subfield><subfield code="d">OCLCQ</subfield><subfield code="d">DLC</subfield></datafield><datafield ind1="0" ind2=" " tag="022"><subfield code="a">2332-9254</subfield><subfield code="2">1</subfield></datafield><datafield ind1=" " ind2=" " tag="042"><subfield code="a">pcc</subfield><subfield code="a">nsdp</subfield></datafield><datafield ind1=" " ind2=" " tag="043"><subfield code="a">n-us-nj</subfield></datafield><datafield ind1="0" ind2="0" tag="050"><subfield code="a">Newspaper</subfield></datafield><datafield ind1="1" ind2="0" tag="082"><subfield code="a">071</subfield><subfield code="2">23</subfield></datafield><datafield ind1="0" ind2=" " tag="130"><subfield code="a">Daily State gazette (Trenton, N.J. : 1863)</subfield></datafield><datafield ind1=" " ind2="0" tag="222"><subfield code="a">Daily State gazette</subfield><subfield code="b">(Trenton, N.J. 1863)</subfield></datafield><datafield ind1="1" ind2="0" tag="245"><subfield code="a">Daily State gazette.</subfield></datafield><datafield ind1="3" ind2="0" tag="246"><subfield code="a">State daily gazette</subfield></datafield><datafield ind1=" " ind2=" " tag="260"><subfield code="a">Trenton, N.J. :</subfield><subfield code="b">Jacob R. Freese,</subfield><subfield code="c">1863-1918.</subfield></datafield><datafield ind1=" " ind2=" " tag="300"><subfield code="a">57 v. :</subfield><subfield code="b">ill. ;</subfield><subfield code="c">58-63 cm.</subfield></datafield><datafield ind1=" " ind2=" " tag="310"><subfield code="a">Daily (except Sunday)</subfield></datafield><datafield ind1="0" ind2=" " tag="362"><subfield code="a">Vol. 69, no. 713 (May 12, 1863)-v. 69, no. 15 (Jan. 17, 1918).</subfield></datafield><datafield ind1=" " ind2=" " tag="500"><subfield code="a">"Daily" appears above title ornament in small type, 1863-1865.</subfield></datafield><datafield ind1=" " ind2=" " tag="500"><subfield code="a">Publishers: Jonathon Vannote, 1865-1869; Murphy &amp; Bechtel, 1869-1875; John L. Murphy, 1875-1886; John L. Murphy Pub. Co., 1886-1909; State Gazette Pub. Co., 1909-&lt;1913&gt;.</subfield></datafield><datafield ind1=" " ind2=" " tag="500"><subfield code="a">Editors: Jacob R. Freese, 1863-1865; Jonathon Vannote, 1865-1869; Enoch R. Borden, 1869-1870.</subfield></datafield><datafield ind1=" " ind2=" " tag="500"><subfield code="a">Union, &lt;1865&gt;; Republican, &lt;1876&gt;.</subfield></datafield><datafield ind1=" " ind2=" " tag="515"><subfield code="a">Numbering irregularities.</subfield></datafield><datafield ind1=" " ind2=" " tag="530"><subfield code="a">Also issued on microfilm as part of the Civil War newspapers collection.</subfield></datafield><datafield ind1=" " ind2=" " tag="530"><subfield code="a">Also issued on microfilm from Library of Congress, Photoduplication Service.</subfield></datafield><datafield ind1=" " ind2=" " tag="580"><subfield code="a">Absorbed: Daily monitor (Trenton, N.J.) (non-extant?).</subfield></datafield><datafield ind1=" " ind2=" " tag="752"><subfield code="a">United States</subfield><subfield code="b">New Jersey</subfield><subfield code="c">Mercer</subfield><subfield code="d">Trenton.</subfield></datafield><datafield ind1="0" ind2=" " tag="775"><subfield code="t">Weekly State gazette and Republican</subfield><subfield code="x">2332-9203</subfield><subfield code="w">(DLC)sn 85036032</subfield><subfield code="w">(OCoLC)12719837</subfield></datafield><datafield ind1="0" ind2=" " tag="775"><subfield code="t">Weekly State gazette (Trenton, N.J.)</subfield><subfield code="x">2332-9211</subfield><subfield code="w">(DLC)sn 84026301</subfield><subfield code="w">(OCoLC)10384961</subfield></datafield><datafield ind1="0" ind2="0" tag="780"><subfield code="t">Daily State gazette and Republican</subfield><subfield code="x">2332-9262</subfield><subfield code="w">(DLC)sn 84020605</subfield><subfield code="w">(OCoLC)11220465</subfield></datafield><datafield ind1="1" ind2="5" tag="780"><subfield code="t">Daily monitor (Trenton, N.J.)</subfield><subfield code="g">1865</subfield></datafield><datafield ind1="0" ind2="0" tag="785"><subfield code="t">State gazette (Trenton, N.J. : 1918)</subfield><subfield code="x">2332-9343</subfield><subfield code="w">(DLC)sn 84020606</subfield><subfield code="w">(OCoLC)11220549</subfield></datafield><datafield ind1="1" ind2=" " tag="029"><subfield code="a">AU@</subfield><subfield code="b">000025841236</subfield></datafield></record>